2922 3723
392 460 630 528 Sequitur
663 459 1012 527 apographum
1047 459 1190 522 tituli,
1227 460 1362 527 quod
1397 460 1474 511 his
1510 460 1633 511 locis
1664 461 1730 511 ab
1757 460 1841 511 illo
1873 461 2145 529 discrepat:
2183 461 2244 514 V.
2268 466 2322 514 1:
2359 461 2694 530 pyramides,

250 539 313 592 V.
354 541 410 590 3:
449 541 805 604 memoriam,
859 540 921 592 V.
960 543 1020 591 4:
1076 541 1343 592 centanni
1387 548 1438 591 et
1479 541 1759 610 pyramis,
1810 541 1872 594 V.
1910 544 1967 594 5:
2015 549 2282 611 tyranne,
2332 542 2394 595 V.
2435 545 2493 594 6:
2529 544 2692 596 inter.

252 620 522 673 Praeterea
572 621 624 670 in
661 619 894 671 clausulis
931 637 1165 671 versuum
1201 620 1395 671 litterae
1440 620 1717 688 singulares
1762 622 2024 689 appositae
2074 631 2189 674 sunt
2231 621 2353 673 hae:
2407 623 2476 687 R,
2513 624 2573 687 J,
2622 625 2691 687 M,

245 699 308 764 A,
348 700 403 765 S,
443 700 496 754 S.

384 782 447 834 In
491 797 641 833 versu
690 788 912 835 extremo
960 780 1047 832 ubi
1096 780 1389 852 segni-is
1424 790 1565 849 necte
1607 780 1800 845 habers*
1848 801 1952 832 non
2006 792 2199 849 potest,
2247 783 2387 836 Otto
2432 786 2692 838 Hirsch-

244 861 482 914 feldius
518 861 751 925 feliciter,
807 862 903 914 nisi
938 860 1105 924 fallor,
1160 860 1282 912 vidit
1322 861 1375 912 in
1414 859 1756 914 CENSORIS
1794 861 2134 915 CONSVLIS
2184 864 2339 916 latere
2383 866 2493 918 BIS
2532 866 2691 919 CON-

245 940 462 995 SVLIS.
538 942 653 1004 Quo
689 943 895 994 invento
932 960 993 992 eo
1030 941 1277 1004 ducimur,
1332 951 1384 994 ut
1428 944 1578 994 trium
1621 942 1907 994 ultimorum
1943 962 2177 996 versuum
2223 947 2521 996 sententiam
2556 947 2690 998 hanc

241 1038 355 1080 esse
390 1030 623 1090 putemus
634 1042 654 1074 ε,
697 1040 809 1082 eum
821 1055 842 1099 5
876 1023 962 1091 qui
996 1021 1265 1090 aliquando
1301 1025 1524 1091 pontiiex
1559 1032 1612 1080 et
1644 1041 1813 1085 comes
1851 1024 2059 1092 Trajani
2092 1026 2263 1088 fuerit,
2317 1043 2454 1080 nunc
2485 1028 2691 1095 triginta

244 1119 495 1161 nunctum
529 1104 693 1170 spatio
728 1104 1004 1172 interjecto,
1039 1104 1118 1156 bis
1154 1104 1411 1159 consulem
1447 1123 1574 1157 esse.
1630 1103 1782 1166 Quod
1814 1103 1859 1155 si
1895 1122 2070 1156 verum
2095 1115 2185 1169 est,
2221 1107 2437 1173 primum
2463 1117 2689 1174 apparet,

238 1202 287 1235 v.
326 1185 363 1236 4
399 1182 784 1242 Grotefendium
828 1192 963 1241 rente
999 1185 1272 1252 conjecisse
1321 1186 1443 1236 scit
1485 1203 1579 1252 pro
1615 1186 1718 1247 sit,
1765 1191 1814 1233 et
1859 1186 2256 1251 praeferendam·
2278 1204 2390 1240 esse
2424 1187 2691 1251 lectionem

233 1264 469 1323 monachi
504 1264 764 1323 Ulmenais
794 1267 1086 1335 ,pyramis
1134 1265 1551 1326 Boldenselianae
1587 1264 1931 1334 pyramide.
2003 1265 2195 1323 Sensus
2248 1278 2345 1321 est:
2402 1269 2529 1322 seire
2581 1271 2687 1337 ejus

240 1365 430 1405 nomen
464 1346 777 1417 pyramidem
814 1346 983 1412 altam,
1021 1346 1158 1416 quod
1192 1347 1406 1401 fortasse
1439 1366 1545 1401 non
1581 1348 1732 1399 modo
1768 1367 1816 1398 v,
1855 1351 1890 1398 4
1922 1347 2210 1414 indicatum,
2248 1349 2338 1400 sed
2373 1351 2522 1402 etiam
2556 1351 2689 1407 infra

235 1428 320 1486 vel
355 1447 509 1497 supra
538 1429 740 1487 ‘titulum
773 1429 1080 1498 insculptum
1115 1435 1236 1481 erat.

373 1511 641 1574 Quomodo
677 1520 845 1566 autem
880 1512 1020 1578 prior
1054 1528 1173 1578 pars
1209 1527 1385 1566 versus
1424 1508 1579 1562 ultimi
1605 1511 1952 1564 constituenda
1977 1511 2055 1574 sit,
2081 1511 2327 1565 incertum
2354 1521 2444 1564 est.
2493 1513 2686 1576 Quodsi

235 1599 418 1646 nostra
448 1592 711 1661 explicatio
746 1592 1024 1660 probabilis
1061 1601 1162 1654 est,
1216 1598 1430 1658 apparet
1465 1589 1763 1642 desiderari:
1820 1591 1987 1661 lustris
2025 1608 2110 1642 sex
2147 1592 2415 1659 interjectis
2468 1594 2550 1644 vel
2584 1594 2684 1649 tale

230 1672 363 1739 quid.
439 1673 677 1724 Fortasse
713 1666 830 1723 fuit:
885 1672 1109 1724 lustris
1146 1688 1251 1723 sex
1285 1671 1701 1736 intercursis,
1750 1689 2054 1740 quamquam
2090 1679 2206 1722 ante
2242 1673 2563 1726 Ammianum
2598 1673 2685 1740 qui

225 1752 326 1803 XV
365 1755 446 1817 10,
489 1756 551 1804 10
588 1755 937 1805 intercurso
975 1754 1185 1821 spatio
1221 1753 1412 1804 maris
1455 1752 1625 1803 haud
1659 1752 1849 1820 longo
1895 1752 2117 1819 scripsit,
2168 1754 2420 1804 neminem
2457 1755 2559 1805 scio
2600 1754 2684 1821 qui

226 1832 296 1883 ita
324 1832 519 1885 locutus
549 1835 625 1886 sit.
680 1835 947 1885 Praeterea
982 1839 1146 1884 autem
1183 1833 1369 1900 requiri
1401 1833 1685 1884 necessario
1721 1833 2017 1883 infinitivum
2055 1851 2193 1883 esse
2226 1843 2449 1901 apparet.
2500 1834 2684 1896 Quam-

228 1930 381 1981 quam
417 1914 612 1967 litterae
658 1915 939 1983 singulares
993 1914 1045 1965 in
1082 1914 1379 1983 apographo
1414 1912 1642 1965 Uhnensi
1691 1913 1951 1982 appositae
2005 1914 2267 1982 quinquies
2313 1916 2489 1966 finales
2527 1926 2684 1966 extre-

226 2012 423 2046 morum
458 1998 821 2048 vocabulorum
858 1997 1047 2046 litteras
1082 1996 1292 2060 iterant;
1350 1993 1480 2062 quod
1518 1995 1560 2044 si
1596 1996 1745 2045 etiam
1779 1996 1860 2045 hic
1895 1995 2081 2045 factum
2117 2003 2220 2055 est,
2278 2014 2455 2046 esses
2491 1998 2543 2046 in
2578 1998 2679 2046 fine

226 2075 465 2142 seriptum
499 2078 611 2140 fuit,
667 2097 773 2128 non
810 2095 966 2128 esse.
1040 2077 1141 2128 Sed
1177 2077 1299 2128 illud
1337 2075 1372 2127 S
1411 2066 1580 2127 errore
1627 2076 1732 2125 sive
1770 2075 2091 2143 descriptoris
2141 2076 2246 2125 sive
2291 2077 2555 2143 sculptoris
2591 2094 2680 2143 po-

222 2156 373 2215 situm
406 2175 525 2217 mo
554 2165 735 2225 potest.

359 2237 493 2288 Eum
528 2248 694 2290 autem
739 2238 804 2289 ad
841 2255 992 2305 quem
1037 2237 1088 2286 hi
1125 2254 1298 2287 versus
1336 2245 1590 2303 spectant,
1648 2237 1786 2303 cujus
1824 2254 2011 2288 nomen
2051 2256 2097 2286 v.
2138 2242 2171 2288 4
2222 2238 2274 2286 in
2312 2244 2522 2303 utroque
2559 2254 2679 2303 apo-

216 2317 416 2384 grapho
464 2330 752 2387 corruptum
789 2328 888 2381 est,
945 2317 1098 2381 (cod.
1138 2316 1394 2368 Guelferb.
1432 2318 1547 2367 Itin.
1585 2317 1870 2367 Boldensel.
1909 2315 2229 2380 cetianni,
2271 2317 2434 2378 ,ceteri
2483 2317 2677 2385 Anni)

219 2396 576 2467 Grotefendius
612 2400 644 2454 l.
682 2400 713 2453 l.
752 2419 802 2468 p.
842 2402 958 2460 251,
1000 2401 1029 2455 2
1070 2397 1393 2449 Titianum
1428 2416 1539 2449 esse
1575 2400 1876 2465 suspicatur,
1931 2399 2013 2465 qui
2052 2419 2097 2450 a.
2122 2401 2217 2458 127
2257 2416 2371 2448 cum
2408 2397 2673 2452 Gallicano

215 2479 393 2538 consul
422 2480 525 2540 fuit.
585 2480 683 2544 Qui
717 2481 790 2544 (si
816 2497 847 2532 a
871 2478 1125 2547 triumpho
1144 2477 1335 2530 Dacico
1364 2478 1519 2531 altero
1548 2496 1593 2530 a.
1627 2480 1723 2530 106
1755 2478 1960 2546 triginta
1977 2498 2139 2532 annos
2160 2479 2529 2547 computamus)
2556 2486 2681 2540 ante

215 2576 406 2615 annum
444 2564 543 2619 136
599 2563 777 2623 inrum
826 2561 1002 2611 consul
1045 2560 1324 2626 (suffectus)
1363 2559 1513 2611 fuisse
1548 2568 1740 2626 potest3
1796 2577 1897 2626 quo
1949 2577 2091 2612 anno
2135 2560 2348 2617 fortasse
2382 2559 2672 2611 Hadrianus

215 2641 839 2708 Qumlarguipsssus
875 2648 973 2692 est
1020 2650 1081 2692 et
1115 2640 1443 2707 proscribi
1477 2639 1583 2706 (vit.
1619 2641 1777 2691 Hadr.
1815 2658 1857 2689 c.
1901 2640 2011 2706 15),
2070 2648 2123 2691 ut
2160 2638 2458 2692 Servianum
2494 2639 2673 2691 eodem

206 2735 347 2778 auno
383 2721 510 2777 moxi
546 2722 714 2789 coegit
762 2721 836 2788 (v.
870 2722 974 2789 ib.).
1045 2721 1126 2782 Ea
1166 2720 1391 2773 -fortasse
1445 2737 1597 2773 eausa
1645 2719 1962 2776 lacrimarum
2014 2719 2289 2787 luctusque.
2312 2719 2512 2774 ,sororis
2564 2719 2671 2774 fuit.

210 2799 315 2851 Sed
352 2818 464 2851 eum
496 2803 557 2851 T.
590 2802 863 2852 Atilium
900 2801 1207 2868 appellatum
1244 2817 1354 2850 esse
1393 2801 1755 2853 demonstravit
1782 2801 2029 2862 Marinius
2050 2799 2155 2851 Atti
2191 2818 2240 2867 p.
2262 2801 2359 2856 331
2383 2817 2459 2866 sq.
2513 2799 2677 2866 Apud,

208 2879 556 2942 Almeloveen.
590 2882 731 2940 Fast.
768 2899 819 2949 p.
863 2884 963 2932 135
1003 2890 1051 2932 et
1086 2885 1205 2935 444.
1276 2881 1342 2932 D.
1388 2880 1588 2935 Caelius
1627 2881 1854 2934 Titianus
1903 2880 2066 2945 audit3
2121 2882 2206 2947 qui
2253 2896 2352 2947 quo
2389 2887 2590 2939 auctore
2626 2881 2671 2929 ei

204 2976 520 3027 menomen
538 2961 601 3014 D.
632 2962 837 3028 dederit,
875 2962 1105 3015 invenire
1135 2980 1240 3014 non
1268 2979 1489 3029 possum.
1546 2962 1648 3014 Sed
1668 2980 1952 3031 cognomen
1978 2961 2241 3014 mnikesto
2260 2960 2489 3012 Panvinii
2510 2961 2672 3012 errori

206 3039 416 3095 debetur
449 3043 538 3111 qui,
572 3042 732 3112 (Επεὶ.
771 3044 837 3098 ad
871 3061 922 3097 a.
952 3043 1367 3112 DGOOLXXX)
1399 3060 1512 3094 eum
1552 3061 1664 3096 cum
1685 3043 1859 3099 Caelio
1884 3042 2089 3098 Attiano
2124 3041 2231 3110 (vit.
2257 3041 2501 3097 Hadriani
2539 3059 2593 3099 c.
2617 3045 2669 3106 1)

205 3122 445 3188 confudit,
484 3125 568 3176 ubi
605 3126 658 3176 in
695 3126 839 3177 codd.
875 3126 1125 3189 tatianum
1161 3124 1245 3176 vel
1281 3125 1530 3186 tacianum
1563 3133 1658 3186 >emt.
1715 3124 1950 3178 Ceterum
1996 3125 2224 3184 Titianus
2260 3141 2321 3176 ex
2362 3141 2501 3181 more
2536 3122 2686 3179 illinus

200 3204 379 3258 aetatis
417 3204 515 3257 duo
551 3207 884 3275 praenomina
920 3207 1161 3259 habuisse
1198 3214 1379 3274 potest.
