2922 3723
1099 863 1101 865 -
1143 818 1843 892 Prooemium.

266 1049 590 1127 {suendum
627 1075 825 1127 ottonis
861 1074 925 1130 de.
961 1073 1227 1137 Nemus,
1265 1074 1356 1125 viri
1391 1072 1571 1124 nobilis
1606 1070 2069 1139 menetai-gensis,
2107 1070 2191 1139 φῇ
2227 1069 2376 1119 etiam
2410 1068 2708 1121 omnnium

272 1155 669 1207 de³Boldensele
705 1157 948 1207 vocitatus
985 1164 1215 1222 est,⁴quo
1249 1155 1342 1204 iter
1378 1173 1423 1204 a.
1460 1172 1508 1222 p.
1546 1153 1605 1205 C.
1647 1156 1780 1204 1336
1826 1154 1879 1202 in
1913 1161 2098 1202 terram
2134 1150 2592 1203 Sanctam'factum
2625 1150 2713 1201 de-

272 1235 492 1304 scripsit,
550 1243 666 1303 post
697 1236 959 1300 canisium
1013 1244 1063 1285 et
1096 1237 1405 1303 Basnagium
1450 1235 1612 1284 denuo
1657 1234 1809 1283 edidit
1843 1232 1902 1284 C.
1940 1232 1999 1281 L.
2036 1230 2344 1293 Gnotaefend,
2396 1230 2524 1281 libro
2558 1248 2708 1281 mser.

270 1315 583 1383 potissimum
619 1315 1022 1385 Guelferbytano
1060 1333 1179 1367 usus
1217 1315 1476 1383 (zeitschr.
1513 1315 1561 1365 d.
1598 1314 1768 1365 histor.
1804 1314 2016 1365 Vereins
2050 1312 2084 1362 f.
2121 1309 2520 1363 moder-sehse„
2557 1312 2709 1361 1852.

269 1406 344 1462 Ρ.
339 1385 462 1445 2⁴09
503 1398 652 1464 sq'q..)
722 1397 801 1446 Ibi
837 1412 1010 1463 quum
1026 1388 1182 1446 multa
1217 1396 1319 1446 alia
1348 1396 1704 1446 emendatiora
1719 1395 1953 1461 leguntur
1973 1385 2139 1461 -qdam
2172 1393 2225 1442 in
2259 1390 2557 1443 editionibus
2585 1391 2713 1442 anti·

272 1476 550 1553 qnioribus,
601 1483 708 1526 tum
745 1476 914 1527 titulus
949 1476 1033 1526 ille
1067 1476 1250 1527 latinus
1287 1494 1436 1543 quem
1472 1474 1537 1527 G.
1575 1475 1622 1526 d.
1659 1475 1715 1528 B.
1750 1475 1805 1525 in
1842 1471 2102 1541 superficie
2135 1471 2335 1540 lapidea
2366 1471 2451 1523 illo
2485 1478 2712 1539 tempore

271 1556 416 1608 unius
452 1554 768 1631 pyramidum
798 1545 1229 1634 Aegyptiacarum
1262 1557 1457 1629 gradu-s
1481 1556 1724 1609 vestiente
1758 1554 2061 1633 insculptum
2096 1553 2219 1606 vidit
2251 1560 2315 1605 et
2338 1552 2596 1621 descripsit
2621 1550 2708 1616 (cf.

269 1636 527 1690 Lectonne
565 1638 768 1689 Recueil
803 1639 892 1689 des
930 1640 1248 1707 inscriptions
1284 1636 1545 1706 Grecques
1590 1645 1639 1689 et
1672 1637 1877 1689 Latines
1923 1629 1983 1688 de
2018 1637 2252 1706 l'Egypte
2286 1652 2404 1703 pag.
2437 1634 2538 1687 516
2574 1636 2709 1701 sqq.)

268 1717 367 1770 hoc
401 1718 575 1769 m0d0.

801 1789 926 1833 .Vidi
961 1789 1206 1845 pyramidas
1237 1790 1329 1833 sine
1359 1793 1415 1843 te,
1447 1789 1692 1833 dulcissime
1720 1788 1869 1841 frater,

832 1859 889 1902 Et
917 1858 1010 1912 tibi,
1042 1858 1157 1914 quod
1186 1859 1322 1914 potui,
1352 1859 1548 1903 lacrimas
1579 1858 1649 1903 hic
1676 1861 1842 1902 moesta
1869 1856 2048 1912 profudi,

824 1928 882 1972 Et
911 1928 1048 1971 nostri
1078 1940 1313 1973 memorem
1342 1929 1484 1974 luctus
1512 1929 1623 1972 hanc
1652 1928 1799 1982 sculpo
1829 1927 2057 1981 querelam.

825 1996 892 2040 Sit
923 2009 1091 2040 nomen-
1106 1996 1274 2041 Decimi
1304 1997 1497 2042 Cetianni
1527 1997 1748 2053 pyramide
1778 1997 1866 2041 alta

825 2065 1045 2110 Pontificis
1076 2066 1330 2123 comitisque
1359 2069 1457 2122 tuis,
1488 2067 1680 2122 TraJane,
1711 2065 1936 2120 triumphis

823 2132 981 2179 Lustra
1010 2148 1086 2180 sex
1115 2137 1231 2180 intra
1260 2138 1448 2180 censoris
1478 2137 1663 2199 consulis
1694 2148 1800 2179 esse.

267 2202 401 2252 ubi
387 2222 430 2253 is
467 2203 551 2270 qui
586 2203 684 2254 hoc
718 2204 1028 2283 itinerariam
1064 2207 1350 2273 germanice
1385 2195 1543 2270 vertit,
1581 2205 1859 2257 adnotavit.
1895 2204 2055 2254 Desse
2084 2202 2265 2255 versch
2300 2200 2429 2253 dude
2465 2218 2565 2270 eyn
2601 2217 2707 2270 wys

267 2302 407 2348 man,
447 2285 508 2338 de
544 2302 598 2335 se
634 2295 839 2337 vorstat.
953 2292 956 2295 '

407 2365 641 2421 Eundem
677 2366 871 2417 titulum
914 2366 1176 2434 descripsit
1208 2368 1363 2417 irater
1395 2367 1535 2418 Felix
1570 2367 1750 2428 Fabri,
1805 2366 2079 2418 monachus
2126 2365 2188 2416 de
2226 2372 2476 2418 conventu
2508 2363 2710 2415 Praedi-

270 2454 494 2497 catorum
529 2446 781 2508 Ulmensi,
834 2447 921 2512 qui
957 2447 1057 2498 duo
1085 2448 1267 2508 itinera
1300 2448 1353 2497 in
1390 2457 1571 2498 terram
1608 2448 1845 2499 Sanctam
1881 2449 1996 2497 fecit
2029 2465 2074 2496 a.
2120 2450 2249 2498 1480
2291 2455 2342 2498 et
2377 2448 2538 2508 1483,
2592 2463 2713 2512 quo-

267 2526 535 2577 rumillud
570 2527 793 2576 breviter
831 2528 1107 2591 enarravit,
1152 2529 1250 2580 hoc
1285 2529 1640 2595 copiosissime.
1711 2529 1880 2580 Edidit
1915 2535 2085 2580 autem
2117 2528 2307 2579 Fratris
2343 2526 2524 2578 Felicis
2557 2524 2715 2576 Fabri

267 2606 629 2673 Evagatorium
679 2607 732 2656 in
768 2615 931 2657 terrae
970 2607 1211 2672 Sanctae,
1251 2609 1465 2660 Arabiae
1501 2617 1552 2660 et
1585 2609 1773 2678 Egypti
1808 2609 2262 2676 peregrinationem
2304 2607 2365 2661 C.
2401 2607 2466 2658 D.
2502 2605 2715 2657 Hassler

268 2686 517 2766 gymnasii
552 2686 755 2738 Ulmani
799 2688 1056 2754 professor
1102 2687 1164 2737 in
1213 2688 1519 2741 collectionis
1562 2689 1830 2755 inscriptae
1878 2688 2161 2739 Bibliothek
2209 2688 2297 2739 des
2343 2687 2707 2739 litterarischen

272 2768 484 2819 Vereins
539 2768 592 2817 in
637 2766 887 2834 stuttgart
929 2764 1263 2820 voluminibus
1280 2768 1684 2823 *H-IV,112
1730 2770 1835 2838 ejus
1880 2770 2184 2838 Evagatorio
2227 2788 2276 2820 v.
2313 2763 2397 2822 ῙΠ
2435 2768 2624 2838 (quod
2634 2776 2709 2820 est

276 2847 582 2898 collectionis
616 2848 716 2898 vol.
759 2848 860 2910 lv)
897 2867 948 2915 p.
988 2852 1053 2898 43
1088 2848 1323 2916 leguntur
1356 2851 1504 2902 haec.

375 2927 538 2991 „Sunt
572 2935 736 2978 autem
772 2929 902 2979 duae
938 2929 1228 2998 pyramides
1265 2931 1412 2982 valde
1446 2932 1736 2994 eminentes,
1773 2931 1928 2981 mirae
1953 2929 2314 2997 magnitudini·
2341 2938 2397 2983 ot
2419 2928 2702 2994 latitudinis,

275 3008 405 3058 sicut
414 3017 661 3070 montes,
713 3009 782 3061 ita
816 3009 968 3076 quod
995 3027 1026 3060 a
1059 3009 1212 3077 longe
1247 3010 1385 3061 visae
1428 3018 1675 3078 apparent
1719 3019 1879 3061 turres
1915 3029 2041 3061 esse.
2112 3011 2176 3063 In
2211 3012 2290 3063 his
2324 3012 2602 3062 invenimus
2639 3009 2707 3060 di·

269 3103 441 3138 versas
477 3087 666 3139 litteras
701 3096 750 3139 et
786 3090 1063 3156 scripturas
1099 3090 1247 3141 nobis
1282 3090 1506 3158 ignotas,
1543 3092 1596 3141 in
1629 3107 1733 3142 uno
1767 3100 1937 3141 tamen
1970 3090 2125 3142 latere
2160 3091 2257 3143 hos
2293 3091 2597 3159 subscuptos
2618 3091 2704 3140 in-

269 3169 503 3221 venimus
538 3186 728 3235 versus,
765 3169 1038 3239 insculptos
1072 3170 1239 3224 latinis
1273 3171 1446 3223 litteris
1479 3180 1533 3222 et
1565 3172 1869 3239 scriptura&
